@TECHREPORT{Iskrev2009,
AUTHOR={Iskrev, Nikolay},
TITLE={Local Identification in \textsc{DSGE} Models},
YEAR=2009,
TYPE={mimeo},
}

@ARTICLE{Ratto_CompEcon_2008,
  author =       {Ratto, M.},
  title =        {Analysing DSGE Models with Global Sensitivity Analysis},
  journal =      {Computational Economics},
  year =         {2008},
  volume =       {31},
  pages =        {115--139},
}
