@TECHREPORT{Adolfson2005, AUTHOR={Adolfson, Malin and Laséen,
Stefan and Lindé, Jesper and Villani, Mattias}, TITLE={Bayesian
Estimation of an Open Economy {DSGE} Model with Incomplete
Pass-Through}, YEAR=2005, MONTH=Mar, INSTITUTION={Sveriges
Riksbank (Central Bank of Sweden)}, TYPE={Working Paper Series},
NOTE={available at http://ideas.repec.org/p/hhs/rbnkwp/0179.html},
NUMBER={179} }

@BOOK{Bard_1974,
  author =       {Bard, Y.},
  title =        {Nonlinear parameter estimation},
  publisher =    {Academic Press},
  year =         {1974},
  address =      {New York},
}

@ARTICLE{Bayarri2007Technom,
  author =       {Bayarri, M. J. and Berger, J. O. and Paulo, R. and Sacks, J. and Cafeo, J. A. and
   Cavendish, J. and Lin, C.-H. and Tu, J.},
  title =        {A framework for validation of computer models},
  journal =      {Technometrics},
  year =         {2007},
  volume =       {49},
  number =       {},
  pages =        {138--154},
 }

@ARTICLE{Bayarri2007AnnStat,
  author =       {M. J. Bayarri and J. O. Berger and J. Cafeo and
  G. Garcia-Donato and F. Liu and J. Palomo and R. J. Parthasarathy, R. Paulo, J. Sacks and D. Walsh},
  title =        {COMPUTER MODEL VALIDATION WITH FUNCTIONAL OUTPUT},
  journal =      {The Annals of Statistics},
  year =         {2007},
  volume =       {35},
  number =       {},
  pages =        {1874--1906},
 }



@ARTICLE{BeckRavMuBar97,
  author =       {Beck, M.B. and Ravetz, J.R. and Mulkey, L.A. and
Barnwell, T.O.},
  title =        {},
  journal =      {Stochastic Hydrology and Hydraulics},
  year =         {1997},
  volume =       {11},
  number =       {},
  pages =        {229--254},
 }




@BOOK{Bell-et-al88,
  author =       {Bell, D. and Raiffa, H. and Tversky (Eds), A.},
  title =        {Decision making: Descriptive, normative and prescriptive interactions},
  publisher =    {Cambridge University Press},
  year =         {1988},
  volume =       {},
  series =       {},
  note =         {},
}


@ARTICLE{Beck_WatResRes_Review_1987,
    AUTHOR="Beck, B.",
    TITLE="Water quality modelling: a review of the analysis of uncertainty",
    JOURNAL="Water Resources Research",
    YEAR="1987",
    VOLUME="23",
    PAGES="1393--1442",
}

@ARTICLE{Benhabib2003,
    AUTHOR="Benhabib, J. and Schmitt-Grohe, S. and Uribe, M.",
    TITLE="Backward-Looking Interest-Rate Rules, Interest-Rate Smoothing, And Macroeconomic Instability",
    JOURNAL="Journal of Money, Credit and Banking",
    YEAR="2003",
    VOLUME="35",
    PAGES="1379-1412",
}

@ARTICLE{Beven93,
    AUTHOR="Beven, K.",
    TITLE="Prophecy, reality and uncertainty in distributed hydrological modelling",
    JOURNAL="Advances in Water Resources",
    YEAR="1993",
    VOLUME="16",
    PAGES="41-51",
}

@BOOK{Beven04,
  author =       {Beven, K.J.},
  title =        {Rainfall-Runoff Modelling: The Primer},
  publisher =    {John Wiley and Sons, Ltd},
  year =         {2001},
  address =      {Chichester},
  note =         {See also Saltelli et al. (2000), pp. 151--192.},
}

@ARTICLE{Blanchard1980,
    AUTHOR="Blanchard, O.
    and Kahn, C.",
    TITLE="The solution of linear difference models under rational expectations",
    JOURNAL="Econometrica",
    YEAR="1980",
    VOLUME="48",
    PAGES="1305--1311",
    KEYWORD="linear difference model",
    KEYWORD="rational expectations"
}


@ARTICLE{borgonovo2001,
    AUTHOR="Borgonovo, E. and Apostolakis, G.E.",
    TITLE="A new importance measure for risk-informed decision making",
    JOURNAL="Reliability Engineering and System Safety",
    YEAR="2001",
    VOLUME="72",
    PAGES="193--212",
}

@ARTICLE{borgonovo2006,
    AUTHOR="Borgonovo, E.",
    TITLE="Measuring Uncertainty
Importance: Investigation and Comparison of Alternative
Approaches",
    JOURNAL="Risk Analysis",
    YEAR="2006",
    VOLUME="26",
    PAGES="1349--1361",
}

@ARTICLE{borgonovo2007,
    AUTHOR="Borgonovo, E.",
    TITLE="A New Uncertainty Importance Measure",
    JOURNAL="Reliability Engineering and System Safety",
    YEAR="2007",
    VOLUME="92",
    PAGES="771--784",
}



@BOOK{box78,
  author =       {Box, G.E.P. and Hunter, W.G. and Hunter, J.S.},
  title =        {In Statistics for experimenters},
  publisher =    {John Wiley and Sons, New York},
  year =         {1978},
}


@ARTICLE{Bratley93,
    AUTHOR="Bratley, P. and Fox, H. and Niederreiter, H.",
    TITLE="Implementaton and tests of low-discrepancy sequences",
    JOURNAL="ACM Trans. Model. Comput. Simulation",
    YEAR="1993",
    VOLUME="2",
    PAGES="195--213",
}

@BOOK{BrysonHo69,
  author =       {Bryson, A.E. and Ho, Y.C.},
  title =        {Applied Optimal Control},
  publisher =    {Blaisdell, Waltham, Mass.},
  year =         {1969},
}

@BOOK{Cacu03,
  author =       {Cacuci, D.G.},
  title =        {Sensitivity and Uncertainty Analysis, Volume 1: Theory},
  publisher =    {Chapman and Hall},
  year =         {2003},
  volume =       {},
  series =       {},
}


@ARTICLE{Campolongoetal1999,
    AUTHOR="Campolongo, F. and Saltelli, A. and Jensen, N. R. and Wilson, J. and  Hjorth, J.",
    TITLE="The role of multiphase chemistry in the oxidation of dimethylsulphide (DMS). A latitude dependent analysis",
    JOURNAL="Journal of Atmospheric Chemistry",
    YEAR="1999",
    VOLUME="32",
    PAGES="327--356",
}

@ARTICLE{CampCPC99,
    AUTHOR="Campolongo, F. and Tarantola, S. and Saltelli, A.",
    TITLE="Tackling quantitatively large dimensionality problems",
    JOURNAL="Computater Physics Communication",
    YEAR="1999",
    VOLUME="117",
    PAGES="75--85",
}


@INCOLLECTION{CampSAbook,
  author  =      {Campolongo, F. and Kleijnen, J. and Andres, T.},
  title =        {Screening Methods},
  pages =        {65--80},
  publisher =    {Wiley},
  address =      {New York},
  year =         {2000},
  booktitle =    {Sensitivity Analysis},
  editor =       {Saltelli, A. and Chan, K. and Scott, M.},
}


@ARTICLE{CampoSalt97,
    AUTHOR="Campolongo, F. and Saltelli, A.",
    TITLE="Sensitivity analysis of an environmental model; a worked application of different analysis methods",
    JOURNAL="Reliability Engineering and System Safety",
    YEAR="1997",
    VOLUME="52",
    PAGES="49--69",
    NOTE = "",
}


@ARTICLE{Campolongoetal2006,
    AUTHOR="Campolongo, F. and Cariboni, J. and Saltelli, A.",
    TITLE="An effective screening design for sensitivity analysis of large models",
    JOURNAL="Environmental Modelling and Software",
    YEAR="2007",
    VOLUME="22",
    PAGES="1509--1518",
    NOTE = "",
}

@ARTICLE{Chatf93,
    AUTHOR="Chatfield, C.",
    TITLE="Model uncertainty, data mining and statistical inference",
    JOURNAL="Journal of the Royal Statistal Society A",
    YEAR="1993",
    VOLUME="158",
    NUMBER="3",
    PAGES="419--466",
}



@TECHREPORT{Coenen2005, AUTHOR={Coenen, G. and Straub, R.},
TITLE={{Non-Ricardian} Households and Fiscal Policy in an
Estimated {DSGE} Model of the {Euro Area}}, YEAR=2005,
INSTITUTION={Society for Computational Economics}, TYPE={Computing
in Economics and Finance 2005}, NOTE={available at
http://ideas.repec.org/p/sce/scecf5/102.html}, }

@ARTICLE{Conti_etal_dyn_emul_2007,
    AUTHOR="S. Conti and J.P. Gosling and J. Oakley and A. O'Hagan, ",
    TITLE="Gaussian process emulation of dynamic computer codes",
    JOURNAL="",
    YEAR="2007",
    VOLUME="",
    NUMBER="",
    PAGES="",
    NOTE="mimeo (submitted)",
}


@BOOK{Cramer_1957,
  author =       {H. Cramer},
  title =        {Mathematical Methods of Statistics},
  publisher =    {Princeton University Press},
  year =         {1957},
  address =      {Princeton},
}

@ARTICLE{CrayeFuntPenn05,
    AUTHOR="Craye, M. and Funtowicz, S. and Kloprogge, P. and Ravetz, J. and Risbey, J.",
    TITLE="Combining Quantitative and Qualitative Measures of Uncertainty in Model based Environmental Assessment: the NUSAP System",
    JOURNAL="Risk Analysis",
    YEAR="2005",
    VOLUME="25",
    NUMBER="2",
    PAGES="481--492",
    NOTE = "",
}



@BOOK{Crichton2004,
  author =       {Crichton, M.},
  title =        {State of Fear},
  publisher =    {HarperCollins, New York},
  year =         {2004},
  volume =       {},
  series =       {},
  note =         {},
}


@ARTICLE{cuk78,
    AUTHOR="Cukier, R.I. and Levine, H.B. and Shuler, K.E.",
    TITLE="Nonlinear Sensitivity Analysis of Multiparameter Model Systems",
    JOURNAL="Journal of Computational Physics",
    YEAR="1978",
    VOLUME="26",
    PAGES="1-42",
    NOTE = "",
}

@ARTICLE{cuk73,
    AUTHOR="Cukier, R. I. and C. M. Fortuin and K. E. Schuler and A. G. Petschek and J. H. Schaibly",
    TITLE="Study of the sensitivity of coupled reaction systems to uncertainties in rate coefficients. I Theory",
    JOURNAL="The Journal of Chemical Physics",
    YEAR="1973",
    VOLUME="59",
    PAGES="3873-3878",
    NOTE = "",
}




@ARTICLE{DeFiore2005,
  author =       {De Fiore, F. and Liu, Z.},
  title =        {Does trade openness matter for aggregate instability?},
  journal =      {Journal of Economic Dynamics and Control},
  year =         {2005},
  volume =       {7},
  pages =        {1165-1192},
}


@ARTICLE{Doksum_Samarov_AnnStat_1995,
    AUTHOR="Doksum, K. and Samarov, A.",
    TITLE="Nonparametric Estimation of Global
Functionals and a Measure of the Explanatory Power of Covariates
in Regression",
    JOURNAL="The Annals of Statistics",
    YEAR="1995",
    VOLUME="23",
    PAGES="1443--1473",
    NUMBER = "5",
}


@TECHREPORT{EPA,
  author =       {EPA},
  title =        {Draft Guidance on the Development, Evaluation, and Application of Regulatory Environmental Models},
 type = {Environmental Protection Agency (\textsc{EPA}), \textsc{C}ouncil for Regulatory Environmental Modeling (\textsc{CREM})},
  note =         {http://cfpub.epa.gov/crem/cremlib.cfm whitepapers},
  year  = {2001},
}


@MISC{FarrelPC2007,
  author =       {Farrell, K. N.},
  title =        {Steering into the Skid: the challenge of operationalising type \textsc{II} error avoidance in science for policy},
  year =         {2007},
  note =         {paper in progress},
  }

@MISC{Favero2002 ,
  author =       {Favero, C. and Monacelli, T.},
  title =        {Policy Mix and Macroeconomic Stability: Evidence and
Some Theory},
  year =         {2002},
}

@TECHREPORT{Forni2006, AUTHOR={Forni, L. and Monteforte, L. and
Sessa, L.}, TITLE={The estimated general equilibrium effects of
fiscal policy: the case of the euro area}, YEAR=2006,
INSTITUTION={Society for Computational Economics}, TYPE={Computing
in Economics and Finance 2006}, }


@MISC{DYNARE,
  author =       {M. Juillard},
  title =        {{DYNARE}: {A} program for simulating and estimating {SDGE} models},
  year =         {2004},
  note =         {http://www.cepremap.cnrs.fr/dynare},
}


@ARTICLE{Evans2005,
  author =       {Evans, G. W. and McGough, B.},
  title =        {Monetary policy and stable indeterminacy with inertia},
  journal =      {Economics Letters},
  year =         {2005},
  volume =       {87},
  pages =        {1-7},
}


@ARTICLE{Feller45,
  author =       {Feller, W.},
  title =        {The Fundamental Limit Theorems in Probability},
  journal =      {Bull. Amer. Math. Soc.},
  year =         {1945},
  volume =       {51},
  pages =        {800-832},
}

@ARTICLE{Giona_Paladino_CASE_1994,
  author =       {Giona, M. and Paladino, O.},
  title =        {Bifurcation analysis and stability of controlled \textsc{CSTR}},
  journal =      {Comput. Chem. Engng},
  year =         {1994},
  volume =       {18},
  pages =        {877--887},
}


@ARTICLE{Grieb_et_al_1999,
  author =       {Grieb, T.M. and Shang, N. and Spear, R. C. and Gherini, S. A. and
Goldstein, R. A.},
  title =        {Examination of model uncertainty and parameter interaction in the global carbon cycling model},
  journal =      {Environ Intl},
  year =         {1999},
  volume =       {25},
  pages =        {787--803},
}


@BOOK{Grievank00,
  author =       {Grievank, A.},
  title =        {Evaluating derivatives, Principles and techniques of algorithmic differentiation},
  publisher =    {SIAM},
  year =         {2000},
}

@BOOK{Gu02,
  author =       {Gu, C.},
  title =        {Smoothing Spline \textsc{ANOVA} Models},
  publisher =    {Springer-Verlag},
  year =         {2002},
}


@BOOK{Hall92,
  author =       {P. Hall},
  title =        {The \textsc{B}ootstrap and \textsc{E}dgeworth \textsc{E}xpansion},
  publisher =    {Springer},
  year =         {1992},
  address =      {New York},
}


@BOOK{HastieTibshiraniGAM90,
  author =       {Hastie, T.J. and Tibshirani, R.J.},
  title =        {Generalized Additive Models},
  publisher =    {Chapman and Hall},
  year =         {1990},
}

@ARTICLE{Helton_et_al_RESS_Survey_2006,
  author =       {Helton, J.C. and Johnson, J.D. and Sallaberry, C.J. and Storlie, C.B.},
  title =        {Survey of sampling-based methods for uncertainty and
sensitivity analysis},
  journal =      {Reliability Engineering and System Safety},
  year =         {2006},
  volume =       {91},
  number = {10--11},
  pages =        {1175--1209},
}


@INCOLLECTION{Higdon2007,
  author  =      {Higdon, D. and Gattiker, J. and Williams, B. and Rightley, M.},
  title =        {Computer model validation using high-dimensional outputs},
  pages =        {},
  publisher =    {Oxford Univ. Press},
  address =      {},
  year =         {2007},
  booktitle =    {Bayesian Statistics 8},
  editor =       {J. Bernardo and M. J. Bayarri and J. O. Berger and A. P. Dawid and D. Heckerman and A. F. M. Smith and M. West},
}


@TECHREPORT{Hodrick_Prescott_1980, AUTHOR={Hodrick, T. and
Prescott, E.}, TITLE={Post-war \textsc{US} business cycles: an
empirical investigation}, YEAR=1980, INSTITUTION={Carnegie Mellon
University}, TYPE={Manuscript}, }

@BOOK{Hoeg,
  author =       {H{\o}eg, P.},
  title =        {Borderliners},
  publisher =    {Seal Books Publisher},
  year =         {1995},
}

@ARTICLE{Hoeting99,
  author =       {Hoeting, J. A. and Madigan, D. and Raftery, A. E. and Volinsky, C. T.},
  title =        {Bayesian Model Averaging: A Tutorial},
  journal =      {Statistical Science},
  year =         {1999},
  volume =       {14},
  number =       {4},
  pages =        {382--417},
}


@ARTICLE{Homma96,
  author =       {Homma, T. and Saltelli, A.},
  title =        {Importance measures in global sensitivity analysis of nonlinear models},
  journal =      {Reliability Engineering and System Safety},
  year =         {1996},
  volume =       {52},
  pages =        {1-17},
}


@TECHREPORT{hora86,
  author =       {Hora, S.C. and Iman, R.L.},
  title =        {A comparison of maximum/bounding and Bayesian/Monte Carlo for fault tree uncertainty analysis},
  institution =  {Sandia Laboratories},
  year =         {1986},
  type =         {Report},
  number =       {SAND85-2839},
  month =        {},
}


@ARTICLE{HornbergerSpear81,
  author =       {Hornberger, G.M. and Spear, R.C.},
  title =        {An approach to the preliminary analysis of environmental systems},
  journal =      {Journal of Environmental Management},
  year =         {1981},
  volume =       {7},
  pages =        {7--18},
}


@MISC{Hpages,
  author =       {WEB},
  title =        {},
  howpublished = {},
  month =        {},
  year =         {},
  note =         {
Home page of Hershel Rabitz http://www.princeton.edu/$\sim$rabitz/
\\
Home page of Tamas Turanyi
http://garfield.chem.elte.hu/Turanyi/Turanyi.html
\\
Sensitivity analysis web at JRC
http://sensitivity-analysis.jrc.cec.eu.int/
\\
Home page of Peter Young: www.es.lancs.ac.uk/cres/staff/pyoung/
\\
Home page of NUSAP (Post Normal Science, Pedigrees...)
www.nusap.net
  },
}

%\bibitem{Hpages}

@TECHREPORT{IPCC99,
  author =       {IPCC},
  title =        {IPCC Expert Meetings on Good Practice Guidance and Uncertainty Management in National
 Greenhouse Gas Inventories},
  year =         {1999},
  type =         {Background Papers},
  note  =        {http://www.ipcc-nggip.iges.or.jp/public/gp/gpg-bgp.htm},
}


@MISC{IPCC00,
  author =       {IPCC},
  title =        {Good Practice Guidance and Uncertainty Management in National Greenhouse Gas Inventories},
  year =         {2000},
  type =         {},
  note  =        {http://www.ipcc-nggip.iges.or.jp/public/gp/gpgaum.htm},
}



@ARTICLE{Kalm60,
  author =       {Kalman, R.E.},
  title =        {A new approach to linear filtering and prediction problems},
  journal =      {ASME Trans., Journal Basic Eng.},
  year =         {1960},
  volume =       {82D},
  pages =        {35-45},
}


@TECHREPORT{Krzykacz,
  author =       {Krzykacz-Hausmann, B.},
  title =        {Gesellschaft fuer \textsc{R}eaktor \textsc{S}icherheit (\textsc{GRS}) \textsc{M}b\textsc{H}},
  institution =  {Garching},
  year =         {1990},
  type =         {Technical \textsc{R}eport \textsc{GRS-A-1700}},
  number =       {},
  month =        {},
}


@ARTICLE{KalmBucy61,
  author =       {Kalman, R.E. and Bucy, R. S.},
  title =        {New results in linear filtering and prediction theory},
  journal =      {ASME Trans., Journal Basic Eng.},
  year =         {1961},
  volume =       {83D},
  pages =        {95-108},
}

@ARTICLE{Kass95,
  author =       {Kass, R. E. and Raftery, A. E.},
  title =        {Bayes Factors},
  journal =      {J. Am. Statist. Assoc.},
  year =         {1995},
  volume =       {90},
  number =       {430},
  pages =        {773--795},
}



@TECHREPORT{Kleijnen_WP_Kriging_2007, AUTHOR={Kleijnen, J.P.C.},
TITLE={Kriging metamodeling in simulation: a review}, YEAR=2007,
TYPE={Cent\textsc{ER} Discussion Paper}, NUMBER={} }


@BOOK{Kleijnen_DASE_Book_2007,
  author =       {Kleijnen, J.P.C.},
  title =        {DASE: Design and analysis of simulation experiments},
  publisher =    {Springer Science + Business Media},
  year =         {2007},
  volume =       {},
  series =       {},
  note =         {Forthcoming},
}


@ARTICLE{Kuttner94,
  author =       {Kuttner, K.N.},
  title =        {Estimating potential output as a latent variable},
  journal =      {Journal of Business and Economic Statistics},
  year =         {1994},
  volume =       {12},
  pages =        {361-368},
}

@ARTICLE{iman90,
  author =       {Iman, R.L. and Hora, S.C.},
  title =        {A Robust Measure of Uncertainty Importance for Use in Fault Tree System Analysis},
  journal =      {Risk Analysis},
  year =         {1990},
  volume =       {10(3)},
  pages =        {401-403},
}



@ARTICLE{Ireland2004, AUTHOR="Ireland, P.", TITLE="A method for
taking models to the data", JOURNAL="Journal of Economic Dynamics
and Control", YEAR="2004", VOLUME="28", PAGES="1205--1226",
KEYWORD="hybrid macroeconomic models", KEYWORD="VAR", KEYWORD="RBC
models", KEYWORD="maximum likelihood", KEYWORD="US" }



@TECHREPORT{ishigami90,
  author =       {Ishigami, T. and Homma, T.},
  title =        {An importance qualification technique in uncertainty analysis for computer models,},
  institution =  {First International Symposium on Uncertainty Modelling and Analysis, University of Maryland},
  year =         {1990},
  type =         {Proceedings of the \textsc{ISUMA} '90},
  number =       {},
  month =        {December 3-5},
}



@BOOK{Jansen94,
  author =       {Jansen, M. J. W., Rossing, W. A. H. and Daamen, R. A.},
  title =        {Monte Carlo estimation of uncertainty contributions from several independent multivariate sources.},
  title =      {in: Predictability and Nonlinear Modelling in Natural Sciences and Economics},
  publisher =    {Kluwer Academic Publishers, Dordrecht},
  year =         {1994},
  volume =       {},
  pages =        {334-343},
}

@TECHREPORT{Jan96a,
  author =       {Jansen, M. J. W.},
  title =        {Winding stairs sample analysis program WINDINGS 2.0.},
  institution =  {Agricultural University of Wageningen (private communication)},
  year =         {1996},
  type =         {Technical report},
  number =       {},
  month =        {},
}

@TECHREPORT{Jan96b,
  author =       {Jansen, M. J. W.},
  title =        {WINDINGS: uncertainty analysis with windings stairs samples.},
  institution =  {Workshop on assessment of Environmental Impact: Reliability of Process Models, Edinburgh},
  year =         {1996},
  type =         {Poster},
  number =       {},
  month =        {18-19 March},
}


@BOOK{Judd98,
  author =       {K. L. Judd},
  title =        {Numerical methods in economics},
  publisher =    {The MIT press},
  year =         {1998},
}

@TECHREPORT{Juillard2006,
  author =       {Juillard, M. and Karam, P. and Laxton, D. and Pesenti, P.},
  title =        {Welfare-based monetary policy rules in an
  estimated {DSGE} model of the {US} economy},
  institution =  {European Central Bank},
  year =         {2006},
  type =         {Working Paper Series},
  number =       {613},
  month =        {April},
}




@BOOK{Kennedy2007,
  author =       {Kennedy, Peter},
  title =        {A guide to econometrics, Fifth edition},
  publisher =    {Blackwell Publishing},
  year =         {2007},
  volume =       {},
  series =       {},
  note =         {},
}






@ARTICLE{KonBred1992,
  author =       {Konikov, L.F. and Bredehoeft, J.D.},
  title =        {Groundwater models cannot be validated},
  journal =      {Advances in Water Resources},
  year =         {1992},
  volume =       {15},
  number =       {1},
  pages =        {75-83},
}



@INPROCEEDINGS{Krykacz_entropy_2001,
  author = {Krykacz-Hausmann, B.},
  title = {Epistemic sensitivity analysis based on the concept of entropy},
  booktitle = {Proceedings of SAMO2001, Madrid, 2001.},
  year = {2001},
  pages = {31--35},
  editor = {P. Prado and R. Bolado},
  note = {},
}



@BOOK{Leamer1978,
  author =       {Leamer, E.E.},
  title =        {Specification searches: Ad hoc inferences with nonexperimental data},
  publisher =    {John Wiley},
  year =         {1978},
  volume =       {},
  series =       {},
  note =         {},
}





@INCOLLECTION{Leamer90,
  author  =      {Leamer, E.E.},
  title =        {Let's take the con out of econometrics, and \textsc{S}ensitivity Analysis would help},
  pages =        {},
  publisher =    {Clarendon Press},
  address =      {Oxford},
  year =         {1990},
  booktitle =    {Modelling Economic Series},
  editor =       {Granger, C.W.J.},
}



@ARTICLE{Levin2003, AUTHOR="Levin, A. and Wieland, W. and
Williams, J.C.", TITLE="The Performance of Forecast-Based Monetary
Policy Rules under Model Uncertainty", YEAR="2003",
  journal =      {American Economic Review},
  volume =       {93},
  pages =        {622-645},
}

@ARTICLE{Li_et_al_JPhysChem_2002,
  author =       {Li, G. and Wang, S.-W. and Rabitz, H.},
  title =        {Practical approaches to construct {RS-HDMR} component functions.},
  journal =      {Journal of Physical Chemistry},
  year =         {2002},
  volume =       {106},
  pages =        {8721--8733},
}

@ARTICLE{Li_et_al_JPhysChem_2006,
  author =       {G. Li and J. Hu and S.-W. Wang and P.G. Georgopoulos and
J. Schoendorf and H. Rabitz},
  title =        {{Random Sampling-High Dimensional Model Representation} {(RS-HDMR)} and Orthogonality
of Its Different Order Component Functions},
  journal =      {Journal of Physical Chemistry A},
  year =         {2006},
  volume =       {110},
  pages =        {2474--2485},
}


@BOOK{Little_Rubin_2002,
  author =       {Little R.J.A. and D.B. Rubin},
  title =        {Statistical Analysis with Missing Data},
  publisher =    {J. Wiley and Sons},
  year =         {2002},
  address =      {Hoboken, New Jersey},
}


@INPROCEEDINGS{Liu_etal_PROC_2004,
  author = {Liu, H. and Chen, W. and Sudjianto, A.},
  title = {Relative entropy based method for global and regional sensitivity analysis in probabilistic design},
  booktitle = {Proceedings of ASME Design Automation Conference, Salt Lake City, Utah, USA, September 28-October 2, 2004.},
  year = {2004},
  pages = {DETC2004-57500},
  editor = {},
  note = {},
  organisation = {ASME},
  address = {New York},
}

@ARTICLE{Liu_etal_entropy_2006,
  author =       {Liu, H. and Chen, W. and Sudjianto, A.},
  title =        {Relative Entropy Based Method for Probabilistic Sensitivity Analysis in Engineering Design},
  journal =      {Journal of Mechanical Design},
  year =         {2006},
  volume =       {128},
  number =       {2},
  pages =        {326--336},
}



@techreport{Lubik2003, AUTHOR="Lubik, T.", TITLE="Investment
Spending, Equilibrium Indeterminacy, and the Interactions of
Monetary and Fiscal Policy", YEAR="2003", institution = {The Johns
Hopkins University}, number = "Economics Working Paper Archive
490" }


@TECHREPORT{Lubik2005, AUTHOR={Lubik, T. and Schorfheide, F.},
TITLE={Do Central Banks Respond to Exchange Rate Movements? {A}
Structural Investigation}, YEAR=2003, INSTITUTION={The Johns
Hopkins University,Department of Economics}, TYPE={Economics
Working Paper Archive}, NOTE={available at
http://ideas.repec.org/p/jhu/papers/505.html}, NUMBER={505}, }

@TECHREPORT{Lubik2005b, AUTHOR={Lubik, T. and Schorfheide, F.},
TITLE={A {Bayesian} Look at New Open Economy Macroeconomics},
YEAR={2005}, MONTH={May}, INSTITUTION={The Johns Hopkins
University,Department of Economics}, TYPE={Economics Working Paper
Archive}, NOTE={available at
http://ideas.repec.org/p/jhu/papers/521.html}, NUMBER={521}, }

@ARTICLE{MacLane88,
  author =       {Mac Lane, S.},
  title =        {},
  journal =      {Science, Letters},
  year =         {1988},
  volume =       {241},
  pages =        {1144},
  note =         {\textit{Science, Letters 242}, 1623, 1624}
}

@ARTICLE{MacLane88pros,
  author =       {Mac Lane, S.},
  title =        {},
  journal =      {Science, Letters},
  year =         {1988},
  volume =       {242},
  pages =        {1623,1624},
  note =         {}
}

@ARTICLE{Mauntz2006,
  author =       {Mauntz, W. and Kucherenko, S.},
  title =        {Applicaton of Global Sensitivity Indices for
  Measuring the Effectiveness of {Quasi-Monte Carlo} Methods},
  journal =      {Monte Carlo Methods and Simulation},
  year =         {2006},
  volume =       {},
  pages =        {},
  note =         {submitted}
}


@TECHREPORT{McKay96, AUTHOR={McKay, M.D.}, TITLE={Variance-based
methods for assessing uncertainty importance in NUREG-1150
analysis}, YEAR={1996}, MONTH={}, INSTITUTION={Los Alamos
Laboratories}, TYPE={}, NOTE={}, NUMBER={LA-UR-96-2695, 1}, }

@ARTICLE{Michaels05,
  author =       {Michaels, D.},
  title =        {Doubt Is Their Product},
  journal =      {Scientific American},
  year =         {2005},
  volume =       {292},
  number =       {6},
  month =        {June}
  pages =        {},
}


@ARTICLE{Morris91,
  author =       {Morris, M. D.},
  title =        {Factorial Sampling Plans for Preliminary
Computational Experiments},
  journal =      {Technometrics},
  year =         {1991},
  volume =       {33},
  pages =        {161-174},
}

@ARTICLE{OakleyOHagan02,
  author =       {Oakley, J. and O'Hagan, A.},
  title =        {Probabilistic sensitivity analysis of complex
  models: a {Bayesian} approach},
  journal =      {J. Royal Stat. Soc. B},
  year =         {2004},
  volume =       {66},
  pages =        {751-769},
}


@techreport{OECD89,
  author = { {OECD/NEA PSAC User group} },
  title = { {PSACOIN Level E} intercomparison},
  type = { {B. W. Goodwin, J. M. Laurens, J. E. Sinclair, D.A. Galson and E. Sartori, Eds} },
  institution = {Nuclear Energy Agency, Organisation for Economic Cooperation and Development},
  address = {Paris},
  year = {1989}
}

@techreport{OECD93,
  author = { {OECD/NEA PSAC User group} },
  title = { {PSACOIN Level S} intercomparison},
  type = { {A. Alonso, P. Robinson, E. J. Bonano and D. A.
     Galson, Eds} },
  institution = {Nuclear Energy Agency, Organisation for Economic
     Cooperation and Development},
  address = {Paris},
  year = {1993}
}


@ARTICLE{OresShradBel94,
  author =       {Oreskes, N. and Shrader-Frechette, K. and Belitz, K.},
  title =        {Verification, Validation, and Confirmation of Numerical Models in
the Earth Sciences},
  journal =      {Science},
  year =         {1994},
  volume =       {263},
  number = {},
  pages =        {641-646},
}

@ARTICLE{Owen98,
  author =       {Owen, A.B.},
  title =        {Latin Supercube Sampling for Very High-
Dimensional Simulations},
  journal =      {ACM Transactions on Modeling and Computer Simulation},
  year =         {1998},
  volume =       {8},
  number = {1},
  pages =        {71--102},
}

@ARTICLE{Paladino_Ratto_CES_2000,
  author =       {Paladino, O. and Ratto, M.},
  title =        {Robust stability and sensitivity of
real controlled \textsc{CSTR}s},
  journal =      {Chemical Engineering Science},
  year =         {2000},
  volume =       {55},
  number = {},
  pages =        {321-330},
}


@ARTICLE{Paladino_Ratto_Costa_CES_1995,
  author =       {Paladino, O. and Ratto, M. and Costa, P.},
  title =        {Chaos and chemical reactor
models: sensitivity of dynamics on parameters uncertainty},
  journal =      {Chemical Engineering Science},
  year =         {1995},
  volume =       {50},
  number = {},
  pages =        {3829--3833},
}


@ARTICLE{Pappenberger_Iorgolescu_Beven_2006,
  author =       {Pappenberger, F. and Iorgulescu, I. and Beven, K. J.},
  title =        {Sensitivity Analysis based on regional splits and regression trees (\textsc{SARS-RT})},
  journal =      {Environmental Modelling and Software},
  year =         {2006},
  volume =       {21},
  number =       {7},
  pages =        {976--990},
}

@ARTICLE{Pappenberger_spline_2007,
  author =       {Pappenberger, F. and Stauch, V.J.},
  title =        {Estimating \textsc{S}obol' sensitivity with cubic splines},
  journal =      {Journal of Hydrology},
  year =         {2007},
  volume =       {},
  number = {},
  pages =        {},
  note = {submitted},
}

@ARTICLE{Pappenberger_TSDE_2007,
  author =       {Pappenberger, F. },
  title =        {},
  journal =      {},
  year =         {2007},
  volume =       {},
  number = {},
  pages =        {},
  note = {in preparation},
}


@ARTICLE{Pearson_Drapers_1905,
  author =       {Pearson, K.},
  title =        { On the general theory of skew correlation and non-linear regression},
  journal =      {Drapers Company Research Memoirs, Biometrics Series},
  year =         {1905},
  volume =       {2},
  number = {},
  pages =        {3-54},
}


@ARTICLE{Pellegrini_Biardi_CACE_1990,
  author =       {Pellegrini, L. and Biardi, G.},
  title =        {Chaotic behaviour of a controlled \textsc{CSTR}},
  journal =      {Computers Chem. Engng},
  year =         {1990},
  volume =       {14},
  number = {},
  pages =        {1237--1247},
}


@ARTICLE{Paskov95,
  author =       {Paskov, S.H. and Traub, J.F.},
  title =        {Faster evaluation of financial derivatives},
  journal =      {Journal of Portfolio Management},
  year =         {1995},
  volume =       {22},
  number = {1},
  pages =        {113--120},
  note = {forthcoming},
}


@TECHREPORT{Pytlarczyk2005, AUTHOR={Pytlarczyk, E.}, TITLE={An
estimated {DSGE} model for the {German} economy within the {Euro
Area}}, YEAR=2005, INSTITUTION={Deutsche Bundesbank, Research
Centre}, TYPE={Discussion Paper Series 1: Economic Studies},
NOTE={available at http://ideas.repec.org/p/zbw/bubdp1/4227.html},
NUMBER={2005,33} }


@ARTICLE{Planasetal2006,
  author =       {Planas, C. and Roeger, W. and Rossi, A.},
  title =        {How Much Has Labour Taxes Contributed to {EU} Unemployment?},
  journal =      {Journal of Economic Dynamics and Control},
  year =         {2006},
  volume =       {},
  pages =        {},
  note = {forthcoming},
}



@BOOK{Pilkey2007,
  author =       {Pilkey, O. H. and Pilkey-Jarvis, L.},
  title =        {Useless Arithmetic Why
Environmental Scientists Cant Predict the Future},
  publisher =    {Columbia University Press, New York,},
  year =         {2007},
  volume =       {},
  series =       {},
  note =         {},
}





@ARTICLE{Rabitz90,
  author =       {Rabitz, H.},
  title =        {System analysis at molecular scale},
  journal =      {Science},
  year =         {1989},
  volume =       {246},
  number =       {},
  pages =        {221--226},
}


@INCOLLECTION{RabitzAlisSAbook00,
  author  =      {H. Rabitz, and \"{O}. F. Ali\c{s}},
  title =        {Managing the Tyranny of Parameters in
  Mathematical Modelling of Physical Systems},
  pages =        {199-223},
  publisher =    {John Wiley and Sons Publishers},
  year =         {2000},
  booktitle =    {Sensitivity Analysis},
  editor =       {A. Saltelli and K. Chan and M. Scott},
}

@ARTICLE{RabitzCPC99,
  author =       {H. Rabitz and Ali\c{s},\"{O}. F. and Shorter, J. and Shim, K.},
  title =        {Efficient input-output model representations},
  journal =      {Computer Physics Communications},
  year =         {1999},
  volume =       {117},
  number =       {},
  pages =        {11--20},
}

@ARTICLE{RS-HDMR-Rabitz2002,
  author =       {Li, G. and Wang S. W. and Rabitz H.},
  title =        {Practical approaches to construct {RS-HDMR} component functions.},
  journal =      {Journal of Physical Chemistry},
  year =         {2002},
  volume =       {106},
  pages =        {8721-8733},
}

@ARTICLE{RS-HDMR-Rabitz2006,
  author =       {G. Li and J. Hu and S.-W. Wang and P.G. Georgopoulos and
J. Schoendorf and H. Rabitz},
  title =        {{Random Sampling-High Dimensional Model Representation} {(RS-HDMR)} and Orthogonality
of Its Different Order Component Functions},
  journal =      {Journal of Physical Chemistry A},
  year =         {2006},
  volume =       {110},
  pages =        {2474-2485},
}

@INPROCEEDINGS{Rattoetal2004,
  author = {Ratto, M. and Tarantola, S. and Saltelli, A. and Young, P. C.},
  title = {Accelerated Estimation of Sensitivity Indices Using {State Dependent Parameter} Models},
  booktitle = {Sensitivity Analysis of Model Output, Proceedings
of the 4th International Conference on Sensitivity Analysis of
Model Output (SAMO 2004) Santa Fe, New Mexico, March 8-11, 2004.},
  year = {2004},
  pages = {61-70},
  editor = {Hanson, K. M.  and Hemez, F. M.},
  note = {http://library.lanl.gov/ccw/samo2004/}
  organisation = {Los Alamos National Laboratories}
}


@TECHREPORT{Ratto2005,
  author =       {M. Ratto and W. Roeger and J. In 't Veld and R. Girardi},
  title =        {An Estimated Open-economy Model for the {EURO} {Area}},
  institution =  {Joint Research Centre, European Commission},
  year =         {2005},
  number =       {EUR 21882 EN},
}

@TECHREPORT{Ratto2005b,
  author =       {M. Ratto and W. Roeger and J. In 't Veld and R. Girardi},
  title =        {An estimated new {Keynesian} dynamic stochastic
  general equilibrium model of the {Euro} area},
  institution =  {European Commission},
  year =         {2005},
  type =  {Economic Papers. No. 220},
  number =       {EUR 21882 EN},
  month =        {January},
}


@ARTICLE{Ratto_CPC_2007,
  author =       {Ratto, M. and Pagano, A. and Young, P. C.},
  title =        {State Dependent Parameter meta-modelling
and sensitivity analysis},
  journal =      {Computer Physics Communications},
  year =         {2007},
  volume =       {177},
  pages =        {863--876},
  pages = {doi:10.1016/j.cpc.2007.07.011 },
}

@ARTICLE{Ratto_CompEcon_2008,
  author =       {Ratto, M.},
  title =        {Analysing DSGE Models with Global Sensitivity Analysis},
  journal =      {Computational Economics},
  year =         {2008},
  volume =       {31},
  pages =        {115--139},
}


@TECHREPORT{RattoCEF2006, AUTHOR={Ratto, M. and Roeger, W. and in
't Veld, J.}, TITLE={Fiscal Policy in an estimated open-economy
model for the {EURO} area}, YEAR=2006, INSTITUTION={Society for
Computational Economics}, TYPE={Computing in Economics and Finance
2006}, NOTE={available at
http://ideas.repec.org/p/sce/scecfa/43.html}, }

@TECHREPORT{RattoSDP2006,
  author =       {Ratto, M. and Tarantola, S. and Saltelli, A. and Young, P. C.},
  title =        {Improved and Accelerated Sensitivity Analysis
  Using {State Dependent Parameter} Models},
  institution =  {Joint Research Centre, European Commission},
  year =         {2006},
  number =       {EUR 22251 EN, ISBN 92-79-02036-6},
  note =         {http://webfarm.jrc.cec.eu.int/uasa/doc/mrat/eur/EUR22251EN.pdf},
}


@INCOLLECTION{Ravetz96,
  author  =      {Ravetz, J.},
  booktitle =    {Public Participation in sustainability Science},
  title =      {Models as metaphors},
  pages =        {},
  publisher =    {Cambridge University Press},
  year =         {2006},
  address =      {},
  editor =      {Kasemir, B. et al.},
}


@TECHREPORT{Roeger97,
  author =       {W. Roeger and J. in 't Veld},
  title =        {QUEST {II}. {A} Multi-Country Business Cycle and Growth Model},
  institution =  {European Commission},
  year =         {1997},
  type =         {Economic Papers. No. 123},
  number =       {II/511/97-EN},
  address =      {Brussels},
  month =        {October},
}

@BOOK{Rosen91,
  author =       {Rosen, R.},
  title =        {Life Itself - A Comprehensive Inquiry into Nature, Origin, and
Fabrication of Life},
  publisher =    {Columbia University Press},
  year =         {1991},
}


@ARTICLE{ruffo2006,
  author =       {Ruffo, P. and Bazzana, L. and Consonni, A. and Corradi, A. and Saltelli A. and Tarantola, S.},
  title =        {Hydrocarbon exploration risk evaluation through uncertainty and sensitivity analyses techniques},
  journal =      {Reliability Engineering and System Safety},
  year =         {2006},
  volume =       {91(10-11)},
  pages =        {1155--1162},
}

@BOOK{S+Jbook,
  author =       {Funtowicz, S. O. and Ravetz, J. R.},
  title =        {Uncertainty and Quality in Science for Policy},
  publisher =    {Kluwer Academic Publishers},
  year =         {1990},
  volume =       {},
  series =       {},
  address =      {Dordrecht, \textsc{NL}},
 }


@ARTICLE{S+J90,
  author =       {Funtowicz, S. O. and Ravetz, J. R.},
  title =        {Post normal science: a new science for new times},
  journal =      {Scientific European},
  year =         {1990},
  volume =       {266},
  pages =        {20--22},
}

@ARTICLE{S+J93,
  author =       {Funtowicz, S. O. and Ravetz, J. R.},
  title =        {Science for the post-normal age},
  journal =      {Futures},
  year =         {1993},
  volume =       {25},
  pages =        {735--755},
}


@ARTICLE{S+J94,
  author =       {Funtowicz, S. O. and Ravetz, J. R.},
  title =        {The worth of a songbird: ecological economics as a post-normal science},
  journal =      {Ecological Economics},
  year =         {1994},
  volume =       {10},
  number =       {},
  pages =        {197--207},
}


@ARTICLE{S+J94bis,
  author =       {Funtowicz, S. O. and Ravetz, J. R.},
  title =        {Uncertainty, complexity and post-normal science},
  journal =      {Environmental Toxicology and Chemistry},
  year =         {1994},
  volume =       {13},
  number =       {12},
  pages =        {1881--1885},
}


@INCOLLECTION{S+Al96,
  author  =      {Funtowicz, S. and O Connor, M. and Faucheux, S. and Froger, G. and Munda, G.},
  booktitle =    {Getting Down to Earth},
  title =      {Emergent complexity and procedural rationality: post-normal science for sustainability},
  pages =        {},
  publisher =    {},
  year =         {1996},
  address =      {},
  editor =      {Costanza, R. and Olman, S. and Martinez-Alier, J.},
}

@ARTICLE{S+Co98,
  author =       {Funtowicz, S. O. and Ravetz, J. R. and OConnor, M.},
  title =        {Challenges in the use of science for sustainable development},
  journal =      {International Journal of Sustainable Development},
  year =         {1998},
  volume =       {1},
  number =       {1},
  pages =        {99--107},
}



@INPROCEEDINGS{S-upem,
  author = {Funtowicz, S.},
  title = {Models of science and policy: From expert demonstration to post normal science},
  booktitle = {ViewInternational Symposium: Uncertainty and Precaution in Environmental Management, Copenhagen},
  year = {2004},
  pages = {},
  editor = {},
  note = {http://upem.er.dtu.dk/programme.htm}
  organisation = {}
}



@ARTICLE{Sacks_et_al89,
  author =       {J. Sacks and W. J. Welch and T. J. Mitchell and H. P. Wynn},
  title =        {Design and analysis of computer experiments},
  journal =      {Statistical Science},
  year =         {1989},
  volume =       {4},
  pages =        {409-435},
}


@ARTICLE{saltelli93,
  author =       {Saltelli, A. and Andres, T. H. and Homma, T.},
  title =        {Sensitivity analysis of model output: an investigation of new techniques},
  journal =      {Computational Statistics and Data Analysis},
  year =         {1993},
  volume =       {15},
  pages =        {211-238},
}

@ARTICLE{Salt_et_al_CHEMREV05,
  author =       {Saltelli, A. and Ratto, M. and Tarantola, S. and Campolongo, F.},
  title =        {Sensitivity Analysis for Chemical Models},
  journal =      {Chemical Reviews},
  year =         {2005},
  volume =       {105},
  pages =        {2811-2828},
}

@ARTICLE{SaltCPC02,
  author =       {Saltelli, A.},
  title =        {Making best use of model valuations to compute
  sensitivity indices},
  journal =      {Computer Physics Communications},
  year =         {2002},
  volume =       {145},
  pages =        {280-297},
}

@BOOK{SaltSAbook00,
  editor =       {A. Saltelli and K. Chan and M. Scott},
  title =        {Sensitivity Analysis},
  publisher =    {John Wiley and Sons},
  year =         {2000},
  series =       {Wiley Series in Probability and Statistics},
  address =      {New York},
}

@ARTICLE{SaltSobolRESS95,
  author =       {Saltelli, A. and Sobol', I. M.},
  title =        {About the use of rank transformation in
  sensitivity analysis of model output},
  journal =      {Reliability Engineering and System Safety},
  year =         {1995},
  volume =       {50},
  pages =        {225-239},
}

@ARTICLE{SaltTaraJASA02,
  author =       {Saltelli, A. and Tarantola, S.},
  title =        {On the relative importance
of input factors in mathematical models: safety assessment for
nuclear waste disposal},
  journal =      {Journal of American Statistical
Association},
  year =         {2002},
  volume =       {97},
  pages =        {702-709},
}


@BOOK{SaltSAprimer04,
  author =       {A. Saltelli and S. Tarantola and F. Campolongo and M. Ratto},
  title =        {Sensitivity Analysis in Practice: A Guide to
  Assessing Scientific Models},
  publisher =    {John Wiley and Sons},
  year =         {2004},
}

@ARTICLE{SaltTarChan99,
  author =       {Saltelli, A. and Tarantola, S. and Chan, K.},
  title =        {Quantitative model-independent method for global sensitivity analysis of model output},
  journal =      {Technometrics},
  year =         {1999},
  volume =       {41(1)},
  pages =        {39-56},
}


@ARTICLE{Schorfheide2000, AUTHOR="Schorfheide, F.", TITLE="Loss
function-based evaluation of {DSGE} models", JOURNAL="Journal of
Applied Econometrics", YEAR="2000", VOLUME="15", NUMBER="6",
PAGES="645--670", KEYWORD="model comparison", KEYWORD="loss
functions", KEYWORD="Bayesian methods" }

@ARTICLE{Schweppe1965,
    AUTHOR="Schweppe, F.",
    TITLE="Evaluation of likelihood functions for {Gaussian} signals",
    JOURNAL="IEEE Trans. on Information Theory",
    YEAR="1965",
    VOLUME="11",
    PAGES="61--70",
}

@techreport{SIMLAB,
  author = { \textsc{SIMLAB} },
  title = { Ver 2.2},
  type = { {http://www.jrc.cec.eu.int/uasa/prj-sa-soft.asp} },
  institution = {European Commission, Joint Research Centre},
  address = {Ispra},
  year = {2003},
}

@TECHREPORT{simlabinforum,
  author = {\textsc{SIMLAB}},
  title = { Ver 3.0},
  type = { {http://sensitivity-analysis.jrc.cec.eu.int/} },
  institution = {European Commission, Joint Research Centre},
  address = {Ispra},
  year = {2007},
}

@ARTICLE{Sims1998, AUTHOR="Sims, C. and Zha, T.", TITLE="Bayesian
Methods for Dynamic Multivariate Models", JOURNAL="International
Economic Review", YEAR="1998", VOLUME="49", PAGES="949--968",
KEYWORD="multivariate", KEYWORD="VAR", KEYWORD="Bayesian
econometrics" }


@ARTICLE{Sims2002, AUTHOR="Sims, C.", TITLE="Solving rational
expectations models", JOURNAL="Computational Economics",
YEAR="2002", VOLUME="20", PAGES="1--20", KEYWORD="rational
expectations", KEYWORD="QZ decomposition", KEYWORD="generalized
Schur decomposition" }

@ARTICLE{Smets2003, AUTHOR="Smets, F. and Wouters, R.", TITLE="An
Estimated Dynamic Stochastic General Equilibrium Model of the
{Euro Area}", JOURNAL="Journal of the European Economic
Association", YEAR="2003", VOLUME="1", NUMBER="5",
PAGES="1123--1175", KEYWORD="euro area", KEYWORD="bayesian",
KEYWORD="estimated model" }

@TECHREPORT{SobolLPtau,
  author = { Sobol', I.~M. and Turchaninov, V.~I. and Levitan, Yu.~L. and Shukhman, B.~V. },
  title = {Quasirandom Sequence Generators},
  type = {IPM ZAK. NO.30 },
  institution = {Keldysh Institute of Applied Mathematics, Russian Academy of Sciences},
  address = {Moscow},
  year = {1992},
}


@ARTICLE{Sob67,
  author =       {Sobol', I. M.},
  title =        {On the distribution of points in a cube and the approximate evaluation of integrals.},
  journal =      {USSR Computat. Maths. Math. Phys.},
  year =         {1967},
  volume =       {7},
  number =       {},
  pages =        {86-112},
}


@ARTICLE{Sobol76,
  author =       {Sobol', I. M.},
  title =        {Uniformly distributed sequences with additional uniformity properties},
  journal =      {USSR Comput. MAth. Math. Phys.},
  year =         {1976},
  volume =       {16},
  number =       {5},
  pages =        {236-242},
  note =         {},
}

@ARTICLE{Sobol9093,
  author =       {Sobol', I. M.},
  title =        {Sensitivity estimates for nonlinear mathematical models},
  journal =      {Matematicheskoe Modelirovanie},
  year =         {1990},
  volume =       {2},
  number =       {},
  pages =        {112-118},
  note =         {in Russian, translated in English in \cite{Sobol93}},
}

@ARTICLE{Sobol93,
  author =       {Sobol', I. M.},
  title =        {Sensitivity analysis for non-linear mathematical models},
  journal =      {Mathematical Modelling and Computational Experiment},
  year =         {1993},
  volume =       {1},
  number =       {},
  pages =        {407-414},
  note =         {English translation of Russian original paper \cite{Sobol9093}},
}

@ARTICLE{Sobol95,
  author =       {Sobol', I. M. and Shukhman, B. V.},
  title =        {Integration with quasirandom sequences: {Numerical experience}},
  journal =      {International Journal of Modern Physics C},
  year =         {1995},
  volume =       {6},
  number =       {2},
  pages =        {263--275},
}

@ARTICLE{Sobol96,
  author =       {Sobol', I. M. },
  title =        {On "freezing" unessential variables},
  journal =      {Vestnik Mosk. Univ., Ser. Matem.},
  year =         {1996},
  volume =       {6},
  number =       {},
  pages =        {92-94},
}



@ARTICLE{Sobol98,
  author =       {Sobol', I. M.},
  title =        {On {quasi-Monte Carlo} integrations},
  journal =      {Mathematics and Computers in Simulation},
  year =         {1998},
  volume =       {47},
  number =       {},
  pages =        {103-112},
  note =         {},
}



@ARTICLE{sob06,
  author =       {Sobol', I. M. and Tarantola, S. and Gatelli, D. and Kucherenko, S. S. and Mauntz, W.},
  title =        {Estimating the Approximation Error when fixing Unessential Factors in Global
Sensitivity Analysis},
  journal =      {Reliability Engineering and System Safety},
  year =         {2007},
  volume =       {},
  number =       {},
  pages =        {},
  note =         {in press},
}

@ARTICLE{Spear_Grieb_Shang_WatResRes_1994,
  author =       { Spear, R. C. and Grieb, T. M. and Shang, N.},
  title =        {Factor uncertainty and interaction in complex environmental models},
  journal =      {Water Resources Research},
  year =         {1994},
  volume =       {30},
  number =       {},
  pages =        {3159--3169},
  note =         {},
}

@ARTICLE{Spear_EnvModSoft_1997,
  author =       {Spear, R. C.},
  title =        {Large simulation models: calibration, uniqueness and goodness of fit},
  journal =      {Environmental Modelling and Software},
  year =         {1997},
  volume =       {12},
  number =       {},
  pages =        {219--228},
}

@TECHREPORT{Storlie_Helton_SANDIA_2006,
  author =       {Storlie, C. B. and Helton, J. C.},
  title =        {Multiple predictor smoothing
methods for sensitivity analysis},
  institution =  {Sandia Laboratories},
  year =         {2006},
  type =         {SANDIA Report},
  number =       {SAND2006-4693},
  month =        {},
}

@ARTICLE{Storlie_Helton_RESS_2007_Method,
  author =       {Storlie, C. B. and Helton, J. C.},
  title =        {Multiple predictor smoothing
methods for sensitivity analysis: description of techniques},
  journal =      {Reliability Engineering \& System Safety},
  year =         {2007},
  volume =       {93},
  number =       {},
  pages =        {28--54},
}

@ARTICLE{Storlie_Helton_RESS_2007_Example,
  author =       {Storlie, C. B. and Helton, J. C.},
  title =        {Multiple predictor smoothing
methods for sensitivity analysis: example results},
  journal =      {Reliability Engineering \& System Safety},
  year =         {2007},
  volume =       {93},
  number =       {},
  pages =        {55--77},
}


@ARTICLE{Tarantola2006,
  author =       { Tarantola, S. and Gatelli, D. and Mara, T. A.},
  title =        {Random Balance Designs for the Estimation of First Order Global Sensitivity Indices},
  journal =      {Reliability
Engineering and System Safety},
  year =         {2006},
  volume =       {91},
  number =       {6},
  pages =        {717--727},
  note =         {},
}

@ARTICLE{Tarantola06,
  author =       {Tarantola, S. and Nardo, M. and Saisana, M. and Gatelli, D.},
  title =        {A new estimator for sensitivity analysis of model output: An application to the e-business readiness composite indicator},
  journal =      {Reliability Engineering and System Safety},
  year =         {2006},
  volume =       {91(10-11)},
  pages =        {1135-1141},
}

@INCOLLECTION{TARA&PASTORELLI2000,
  author  =      {Tarantola, S. and Pastorelli, R. and Beghi, M. G. and Bottani, C. E.},
  booktitle =    {Sensitivity Analysis},
  title =      {A dataless pre-calibration analysis in solid state physics},
  pages =        {311--327},
  publisher =    {John Wiley and Sons},
  year =         {2000},
  address =      {},
  editor =      {A. Saltelli and K. Chan and M. Scott},
}



@ARTICLE{Truong2006py,
  author =       {Truong, N.--V. and Wang, L. and Young, P. C.},
  title =        {Nonlinear System modelling Based on
Non-Parametric Identification and Linear Wavelet Estimation of SDP
Models},
  journal =      {International Journal of Control},
  year =         {2006},
  volume =       {to appear},
}


@ARTICLE{Turanyi90,
  author =       {Turanyi, T.},
  title =        {Sensitivity analysis of complex kinetic systems. Tools and applications},
  journal =      {Journal of Mathematical Chemistry},
  year =         {1990},
  volume =       {5},
  pages =        {203--248},
}


@ARTICLE{VanSlu02,
  author =       {Van der Sluijs, J. P.},
  title =        {A way out of the credibility crisis of models used in integrated environmental assessment},
  journal =      {Futures},
  year =         {2002},
  volume =       {34},
  pages =        {133--146},
}


@BOOK{VarMorbWu99,
  author =       {Varma, A. and Morbidelli, M. and Wu, H.},
  title =        {Parametric Sensitivity in Chemical Systems},
  publisher =    {},
  year =         {1999},
  address =      {Cambridge},
  }

@BOOK{Veld00,
  author =       {In 't Veld, R. J.},
  title =        {Willingly and Knowingly},
  publisher =    {\textsc{LEMMA} Publishers},
  year =         {2000},
  address =      {The Netherlands},
  }

@BOOK{Wahba90,
  author =       {Wahba, G.},
  title =        {Spline Models for Observational Data},
  publisher =    {\textsc{CBMS-NSF} Regional Conference Series in Applied Mathematics.},
  year =         {1990},
  address =      {},
  }


@INCOLLECTION{Young_INBOOK_78,
  author  =      {Young, P. C.},
  booktitle =    {Modeling, Identification and Control in Environmental Systems},
  title =      {A general theory of modelling for badly defined dynamic systems},
  pages =        {103--135},
  publisher =    {North Holland},
  year =         {1978},
  address =      {Amsterdam},
  editor =      {Vansteenkiste, G. C.},
}

@INPROCEEDINGS{Young_Spear_Hornberger_RSA_1978,
  author = {Young, P. C. and Spear, R. C. and Hornberger, G. M.},
  title = {Modeling Badly Defined Systems: Some Further Thoughts},
  booktitle = {Proceedings SIMSIG Conference, Canberra},
  year = {1978},
  pages = {24--32},
  organisation = {Australian National University}
}

@BOOK{YoungBook84,
  author =       {Young, P. C.},
  title =        {Recursive Estimation and Time-Series Analysis},
  publisher =    {Springer},
  year =         {1984},
}

@ARTICLE{Young1989fk,
  author =       {Young, P. C. and Ng, C. N.},
  title =        {Variance intervention},
  journal =      {Journal of Forecasting},
  year =         {1989},
  volume =       {8},
  pages =        {399-416},
}

@ARTICLE{Ng1990fk,
  author =       {Ng, C.N. and Young, P. C.},
  title =        {Recursive estimation and forecasting of non-stationary time series},
  journal =      {Journal of Forecasting},
  year =         {1990},
  volume =       {9},
  pages =        {173-204},
}



@ARTICLE{YoungProgEnvSci99,
  author =       {Young, P. C.},
  title =        {Nonstationary time series analysis and forecasting},
  journal =      {Progress in Environmental Science},
  year =         {1999},
  volume =       {1},
  pages =        {3-48},
}


@ARTICLE{Young_envmetrics_1996,
  author =       {Young, P. C. and Pedregal, D. J.},
  title =        {Recursive fixed interval smoothing and the evaluation of {L}idar measurements},
  journal =      {Environmetrics},
  year =         {1996},
  volume =       {7},
  pages =        {417Ð427},
}

@ARTICLE{Young_roysoc_2002,
  author =       {Young, P. C.},
  title =        {Advances in real-time flood forecasting},
  journal =      {Philosophical Trans. Royal Society, Physical and Engineering Sciences},
  year =         {2002},
  volume =       {360},
  pages =        {1433-1450},
}



@ARTICLE{YoungCPC99,
  author =       {Young, P. C.},
  title =        {Data-based mechanistic modelling, generalised
  sensitivity and dominant mode analysis},
  journal =      {Computer Physics Communication},
  year =         {1999},
  volume =       {117},
  pages =        {113--129},
}

@ARTICLE{Youngetal01,
  author =       {Young, P. C. and McKenna, P. and Bruun, J.},
  title =        {Identification of nonlinear stochastic systems by state dependent parameter estimation},
  journal =      {International Journal of Control},
  year =         {2001},
  volume =       {74},
  pages =        {1837--1857},
}

@INCOLLECTION{YoungTVPSDP93,
  author  =      {Young, P. C.},
  booktitle =    {Developments in Time Series Analysis},
  title =        {Time variable and state dependent modelling of nonstationary and nonlinear time series},
  pages =        {374--413},
  publisher =    {Chapman and Hall},
  year =         {1993},
  address =      {London},
  editor =       {T. Subba Rao},
}

@INCOLLECTION{YoungTVPSDP00,
  author  =      {Young, P. C.},
  booktitle =    {Nonlinear and Nonstationary Signal Processing},
  title =        {Stochastic, Dynamic Modelling and Signal Processing:
Time Variable and State Dependent Parameter Estimation},
  pages =        {74-114},
  publisher =    {Cambridge University Press},
  year =         {2000},
  address =      {Cambridge},
  editor =       {W. J. Fitzgerald and A. Walden and R. Smith and P. C. Young},
}


@INCOLLECTION{YoungSDP01,
  author  =      {Young, P. C.},
  booktitle =    {Nonlinear Dynamics and Statistics},
  title =        {The identification and estimation of nonlinear stochastic systems},
  pages =        {},
  publisher =    {Birkhauser},
  year =         {2001},
  address =      {Boston},
  editor =       {A. I. Mees et al.},
}




@INCOLLECTION{YoungTVPSDP02,
  author  =      {Young, P. C.},
  booktitle =    {Developments in Time Series Analysis},
  title =        {Time variable and state dependent modelling of nonstationary and nonlinear time series},
  pages =        {374-413},
  publisher =    {Chapman and Hall},
  year =         {1993},
  address =      {London},
  editor =       {T. Subba Rao},
}

@ARTICLE{YoungParkinsonDBM96,
  author =       {Young, P. C. and Parkinson, S. D. and Lees, M.},
  title =        {Simplicity out of
complexity: Occam's razor revisited},
  journal =      {Journal of Applied
Statistics},
  year =         {1996},
  volume =       {23},
  pages =        {165-210},
}

@ARTICLE{YoungPedregalTychDHR98,
  author =       {Young, P. C. and Pedregal, D. J. and Tych, W.},
  title =        {Dynamic Harmonic Regression},
  journal =      {Journal of Forecasting},
  year =         {1998},
  volume =       {18},
  pages =        {369-394},
}

@ARTICLE{YoungPedregal_JAppStat_99,
  author =       {Young, P. C. and Pedregal, D. J.},
  title =        {Recursive and en-bloc approaches to signal extraction},
  journal =      {Journal of Applied Statistics},
  year =         {1999},
  volume =       {26},
  pages =        {103--128},
}

@ARTICLE{JakemanYoung_Utilitas,
  author =       {Jakeman, A. J. and Young, P. C.},
  title =        {Recursive filtering and the inversion of ill-posed causal problems},
  journal =      {Utilitas Mathematica},
  year =         {1984},
  volume =       {35},
  pages =        {351--376},
}

@ARTICLE{BakshiCaoChen97,
  author =       { Bakshi, G. and Cao, C. and Chen, Z.},
  title =        { Empirical Performance of Alternative Option Pricing Models },
  journal =      { The Journal of Finance },
  year =         {1997},
  volume =       { LII },
  number =       {5},
  pages =        {2003-2049},
} @ARTICLE{BlackScholes97,
  author =       { Black, F. and Scholes, M.},
  title =        { The pricing of options and corporate liabilities },
  journal =      { Journal of Political Economy },
  year =         {1973},
  volume =       {81},
  number =       {},
  pages =        {637-654},
}

@ARTICLE{BratleyBennet88,
  author =       {Bratley, P. and Bennet, L.F.},
  title =        {},
  journal =      { ACM Transactions on Mathematical Software},
  year =         {1988},
  volume =       {14},
  number =       {},
  pages =        {88-},
}

@ARTICLE{CarrMadan98,
  author =       { Carr, P. and Madan, D.},
  title =        { Option Valuation using the Fast Fourier Transform },
  journal =      { Journal of Computational Finance },
  year =         {1998},
  volume =       {2},
  number =       {},
  pages =        {61-73},
}

@ARTICLE{Heston93,
  author =       { Heston, S.},
  title =        { A closed-form solution for options with stochastic volatility with applications to bond and currency options },
  journal =      { Review of Financial Studies },
  year =         {1993},
  volume =       {6},
  number =       {},
  pages =        {327-343},
}

@ARTICLE{ImanCono80,
  author =       { Iman, R. L. and Conover, W. J.},
  title =        {},
  journal =      { Communications in Statistics: Theory and Methods },
  year =         {1980},
  volume =       {A9},
  number =       {},
  pages =        {1749-},
}

@ARTICLE{ImanCono79,
  author =       { Iman, R. L. and Conover, W. J. },
  title =        {},
  journal =      { Technometrics },
  year =         {1979},
  volume =       {21},
  number =       {},
  pages =        {499-},
}

@ARTICLE{KiouMelaZereZiom05,
  author =       { Kioutsioukis, I. and Melas, D. and Zerefos, C. and Ziomas, I.},
  title =        {Efficient sensitivity computations in 3D air quality models},
  journal =      { Computer Physics Communications },
  year =         {2005},
  volume =       {167},
  number =       {},
  pages =        {23-33},
  }


@ARTICLE{LeDiNavoDaes02,
  author =       { Le Dimet, F.-X. and Navon, I.M. and Daescu, D.N. },
  title =        {Second Order Information in Data Assimilation},
  journal =      { Monthly Weather Review },
  year =         {2002},
  volume =       {130},
  number =       {},
  pages =        {629-648},
}

@ARTICLE{MallSpor04,
  author =       { Mallet, V. and Sportisse, B.},
  title =        {3-\textsc{D} chemistry-transport model \textsc{P}olair: numerical issues, validation and automatic-differentiation strategy},
  journal =      { Atmospheric Chemistry and Physics Discussions },
  year =         {2004},
  volume =       {4},
  number =       {},
  pages =        {1371-1392},
}

@ARTICLE{MorbVarm88,
  author =       { Morbidelli, M. and Varma, A.},
  title =        {A generalized criterion for parametric sensitivity: Application to thermal explosion theory},
  journal =      { Chemical Engineering Science },
  year =         {1988},
  volume =       {43},
  number =       {},
  pages =        {91-102},
}

@ARTICLE{PandSein89,
  author =       { Pandis, S. N. and Seinfeld, J. H.},
  title =        {Sensitivity Analysis of a Chemical Mechanism for Aqueous Phase Atmospheric Chemistry},
  journal =      { Journal of Geophysical Research },
  year =         {1989},
  volume =       {94},
  number =       {},
  pages =        {1105-1126},
}

@ARTICLE{RattoTaraSalt01,
  author =       { Ratto, M. and Tarantola, S. and Saltelli, A. },
  title =        {Sensitivity analysis in model calibration: \textsc{GSA-GLUE} approach},
  journal =      { Computer Physics Communications },
  year =         {2001},
  volume =       {136},
  number =       {},
  pages =        {212-224},
}

@ARTICLE{SaisSaltTara05,
  author =       { Saisana, M. and Saltelli, A. and Tarantola, S. },
  title =        { Uncertainty and Sensitivity analysis techniques as tools for the quality assessment of composite indicators },
  journal =      { Journal of the Royal Statistical Society A },
  year =         {2005},
  volume =       {168},
  number =       {2},
  pages =        {307-323},
}

@ARTICLE{Salt06,
  author =       { Saltelli, A. },
  title =        { Composite indicators between analysis and advocacy },
  journal =      { Social Indicators Research },
  year =         {2006},
  note =        { DOI 10.1007/s11205-006-0024-9}, }

@ARTICLE{SaltHjorth95,
  author =       { Saltelli, A. and Hjorth, J. },
  title =        {Uncertainty and sensitivity analyses of \textsc{OH}-initiated dimethyl sulphide (\textsc{DMS}) oxidation kinetics},
  journal =      { Journal of Atmospheric Chemistry },
  year =         {1995},
  volume =       {21},
  number =       {},
  pages =        {187-221},
}

@ARTICLE{SaltTaraCamp00,
  author =       { Saltelli, A. and Tarantola, S. and Campolongo, F },
  title =        {},
  journal =      { Statistical Science },
  year =         {2000},
  volume =       {15},
  number =       {},
  pages =        {377},
}

@ARTICLE{Tura90,
  author =       { Turányi, T.  },
  title =        {},
  journal =      { Journal of Mathematical Chemistry },
  year =         {1990},
  volume =       {5},
  number =       {},
  pages =        {203},
}

@ARTICLE{VuilHarlBrow97,
  author =       { Vuilleumier, L. and Harley, R.A. and Brown, N.J.  },
  title =        {First- and Second-Order Sensitivity Analysis of a Photochemically Reactive System (a \textsc{G}reen's Function Approach)},
  journal =      { Environmental Science and Technology },
  year =         {1997},
  volume =       {31},
  number =       {},
  pages =        {1206-1217},
}

@BOOK{Hull97,
  author =       { Hull, J.C.},
  title =        { Options, futures and other derivatives },
  publisher =    { Prentice-Hall Inc.},
  year =         {1997},
  address =      {},
}

@TECHREPORT{Estyetal06,
AUTHOR={ Esty, D. and Levy, M. and
Srebotnjak, T. and de Sherbinin, A. and Kim, C. and Anderson, B.
}, TITLE={ Pilot 2006 Environmental Performance Index },
YEAR=2006, INSTITUTION={ Yale Center for Environmental Law and
Policy }, TYPE={ New Haven }, }

@TECHREPORT{NardoHandbook05, AUTHOR={ Nardo, M. and Saisana, M.
and Saltelli, A. and Tarantola, S. and Hoffman, A. and Giovannini,
E.}, TITLE={ Handbook on constructing composite indicators:
methodology and user guide }, YEAR={2005}, TYPE={OECD Statistics
Working Paper},
note={www.olis.oecd.org/olis/2005doc.nsf/LinkTo/std-doc(2005)3}, }

@TECHREPORT{SaisTara02, AUTHOR={ Saisana, M. and Tarantola, S. },
TITLE={ State-of-the-Art Report on Current Methodologies and
Practices for Composite Indicator Development }, YEAR={2002},
INSTITUTION={ European Commission }, TYPE={ EUR 20408 EN }, NOTE={
Joint Research Centre, Ispra, Italy,
http://farmweb.jrc.cec.eu.int/CI/Document/state-of-the-art_EUR20408.pdf},
NUMBER={} }

@INCOLLECTION{TomlTura97,
  author  =      { Tomlin, A. and Turányi, T.},
  title =        {},
  pages =        {293},
  publisher =    { Elsevier },
  address =      {},
  year =         { 1997},
  booktitle =    { Low temperature Combustion and Autoignition },
  editor =       { Pilling, M.J., and Hancock, G.}
}

@INCOLLECTION{TuraRabi00,
  author  =      { Turányi, T. and Rabitz, H.},
  title =        {},
  pages =        {81},
  publisher =    { John Wiley & Sons },
  address =      { Chichester },
  year =         {2000},
  booktitle =    { Sensitivity Analysis },
  editor =       { Chan, K. and Scott, M.},
}

@TECHREPORT{SchuBaur06,
    AUTHOR={ Schulze, N. and Baur, D. },
    TITLE={ Economic Impact Study on Clearing and Settlement -
    Annex II},
    YEAR={2006},
    MONTH= {May},
    INSTITUTION={European Commission, DG-JRC},
    TYPE={},
    note={available at $http://ec.europa.eu/internal_market/financial-markets/clearing/index_en.htm$},
}


@ARTICLE{kn:EcuyerAndres97,
  author =       {l'Ecuyer, P. and Andres, T.H. },
  title =        {A random number generator based on the combination
  of four \textsc{LCG}s},
  journal =      {Mathematics and Computers in Simulation},
  year =         {1997},
  volume =       {44},
  number =       {},
  pages =        {99-107},
}

@ARTICLE{kn:WichmanHill82,
  author =       {Wichman, B.A. and Hill, I.D.},
  title =        {Algorithm \textsc{AS} 183: An Efficient and
Portable Pseudo-Random Number Generator},
  journal =      {Applied Statistics},
  year =         {1982},
  volume =       {31},
  number =       {},
  pages =        {188-190},

%@ARTICLE{kn:NIH,
%  author =  {NIH},
%  title =   {Framingham \textsc{H}eart \textsc{S}tudy: 50 Years of Research Success},
%  publisher =  {National Institutes of Health, National Heart, Lung and Blood Institute},
%  year =     {2002},
%}

@BOOK{kn:NIH1,
  author =  {NIH},
  title =   {Framingham \textsc{H}eart \textsc{S}tudy: 50 Years of Research Success},
  publisher =  {National Institutes of Health, National Heart, Lung and Blood Institute},
  year =     {2002},
  note =      {www.nhlbi.nih.gov/about/framingham},
}


%  note =      {www.nhlbi.nih.gov$\backslash$about$\backslash$framingham},

@BOOK{kn:NHS,
  editor =       {Hankinson, S. E. Sc.D., et al.},
  title =        {Healthy Women, Healthy Lives: A Guide to Preventing Disease, form the Landmark Nurses' Health Study},
  publisher =    {Free Press},
  year =         {2001},
}

@BOOK{kn:Biometry,
  author =       {Sokal, R. R. and James, R. F.},
  title =        {Biometry},
  publisher =    {W.H. Freeman and Company},
  year =         {1994},
  address =      {New York},
}

@BOOK{kn:CRC,
  editor =       {Colbourn, C.J. and Dinitz, J.H.},
  title =        {\textsc{CRC} Handbook of Combinatorial Designs},
  publisher =    {CRC Press},
  year =         {1996},
}

@BOOK{kn:Press,
  author =       {Press, W. H. and Teukolsky, S.A. and Vetterling, W. T. and Flannery, B. P. },
  title =        {Numerical Recipes in Fortran 77: The Art of Scientific Computing},
  edition = {Second},
  volume = {1},
  publisher =    {Cambridge University Press},
  year =         {1997},
  address =      {New York},
}

@BOOK{kn:Fixx,
  author =       {Fixx, J. F.  },
  title =        {Games for the Super Intelligent},
  publisher =    {Doubleday \& Co. Inc.},
  year =         {1972},
  address =      {Garden City, NY},
}

@ARTICLE{kn:Andres,
  author =       { Andres, T.H.},
  title =        {Sampling methods and sensitivity analysis for large. parameter sets},
  journal =      {J Stat Comput Simul},
  year =         {1997},
  volume =       {57},
  pages =        {77--110},
}
